@inproceedings{DBLP:conf/icse/YuanPZ12,
  author    = {Ding Yuan and
               Soyeon Park and
               Yuanyuan Zhou},
  editor    = {Martin Glinz and
               Gail C. Murphy and
               Mauro Pezz{\`{e}}},
  title     = {Characterizing logging practices in open-source software},
  booktitle = {34th International Conference on Software Engineering, {ICSE} 2012,
               June 2-9, 2012, Zurich, Switzerland},
  pages     = {102--112},
  publisher = {{IEEE} Computer Society},
  year      = {2012},
  url       = {https://doi.org/10.1109/ICSE.2012.6227202},
  doi       = {10.1109/ICSE.2012.6227202},
  timestamp = {Wed, 16 Oct 2019 14:14:49 +0200},
  biburl    = {https://dblp.org/rec/conf/icse/YuanPZ12.bib},
  bibsource = {dblp computer science bibliography, https://dblp.org}
}

@inproceedings{DBLP:conf/icse/FuZHLDLZX14,
  author    = {Qiang Fu and
               Jieming Zhu and
               Wenlu Hu and
               Jian{-}Guang Lou and
               Rui Ding and
               Qingwei Lin and
               Dongmei Zhang and
               Tao Xie},
  editor    = {Pankaj Jalote and
               Lionel C. Briand and
               Andr{\'{e}} van der Hoek},
  title     = {Where do developers log? an empirical study on logging practices in
               industry},
  booktitle = {36th International Conference on Software Engineering, {ICSE} '14,
               Companion Proceedings, Hyderabad, India, May 31 - June 07, 2014},
  pages     = {24--33},
  publisher = {{ACM}},
  year      = {2014},
  url       = {https://doi.org/10.1145/2591062.2591175},
  doi       = {10.1145/2591062.2591175},
  timestamp = {Tue, 06 Nov 2018 11:06:55 +0100},
  biburl    = {https://dblp.org/rec/conf/icse/FuZHLDLZX14.bib},
  bibsource = {dblp computer science bibliography, https://dblp.org}
}

@inproceedings{DBLP:conf/icse/ZhuHFZLZ15,
  author    = {Jieming Zhu and
               Pinjia He and
               Qiang Fu and
               Hongyu Zhang and
               Michael R. Lyu and
               Dongmei Zhang},
  editor    = {Antonia Bertolino and
               Gerardo Canfora and
               Sebastian G. Elbaum},
  title     = {Learning to Log: Helping Developers Make Informed Logging Decisions},
  booktitle = {37th {IEEE/ACM} International Conference on Software Engineering,
               {ICSE} 2015, Florence, Italy, May 16-24, 2015, Volume 1},
  pages     = {415--425},
  publisher = {{IEEE} Computer Society},
  year      = {2015},
  url       = {https://doi.org/10.1109/ICSE.2015.60},
  doi       = {10.1109/ICSE.2015.60},
  timestamp = {Wed, 16 Oct 2019 14:14:49 +0200},
  biburl    = {https://dblp.org/rec/conf/icse/ZhuHFZLZ15.bib},
  bibsource = {dblp computer science bibliography, https://dblp.org}
}

@inproceedings{DBLP:conf/dls/Marron18,
  author    = {Mark Marron},
  editor    = {Tim Felgentreff},
  title     = {Log++ logging for a cloud-native world},
  booktitle = {Proceedings of the 14th {ACM} {SIGPLAN} International Symposium on
               Dynamic Languages, {DLS} 2018, Boston, MA, USA, November 6, 2018},
  pages     = {25--36},
  publisher = {{ACM}},
  year      = {2018},
  url       = {https://doi.org/10.1145/3276945.3276952},
  doi       = {10.1145/3276945.3276952},
  timestamp = {Tue, 05 Mar 2019 07:13:52 +0100},
  biburl    = {https://dblp.org/rec/conf/dls/Marron18.bib},
  bibsource = {dblp computer science bibliography, https://dblp.org}
}


@article{DBLP:journals/tocs/YuanZPZS12,
  author    = {Ding Yuan and
               Jing Zheng and
               Soyeon Park and
               Yuanyuan Zhou and
               Stefan Savage},
  title     = {Improving Software Diagnosability via Log Enhancement},
  journal   = {{ACM} Trans. Comput. Syst.},
  volume    = {30},
  number    = {1},
  pages     = {4:1--4:28},
  year      = {2012},
  url       = {https://doi.org/10.1145/2110356.2110360},
  doi       = {10.1145/2110356.2110360},
  timestamp = {Tue, 06 Nov 2018 12:51:04 +0100},
  biburl    = {https://dblp.org/rec/journals/tocs/YuanZPZS12.bib},
  bibsource = {dblp computer science bibliography, https://dblp.org}
}
